<?xml version="1.0" encoding="UTF-8"?><collection xmlns="http://www.loc.gov/MARC21/slim"><record><leader>00419nam--2200145-i-4500</leader><controlfield tag="001">000030653</controlfield><controlfield tag="002">20161230</controlfield><controlfield tag="005">20161230201038</controlfield><controlfield tag="008">060222s1000------------r-----000-0-eng-d</controlfield><datafield ind1=" " ind2=" " tag="080"><subfield code="a">537.67</subfield></datafield><datafield ind1=" " ind2=" " tag="100"><subfield code="a">Lyons, L.R.And Williams, D.J</subfield></datafield><datafield ind1=" " ind2=" " tag="245"><subfield code="a">Quantitative aspects of magnetospheric physics</subfield></datafield><datafield ind1=" " ind2=" " tag="260"><subfield code="a">Dordrecht, D.Reidel Publ.Co., 1984, Xv + 231p</subfield></datafield><datafield ind1=" " ind2=" " tag="490"><subfield code="a">Geophysics And Astrophysics Monographs</subfield></datafield><datafield ind1=" " ind2=" " tag="852"><subfield code="a">73158</subfield></datafield></record></collection>